,Time,Period Ended,Total Revenue,Cost Of Goods Sold,Gross Profit,Period Started,Quarter
0,1999 FQ1,1999-03-31,1558214.2698412698,893450.9158730159,664763,1999-01-01,Q1
1,1999 FQ2,1999-06-30,1261367.9034468709,678222.9430593727,583144,1999-04-01,Q2
2,1999 FQ3,1999-09-30,1652246.2384615557,938895.4815384713,713350,1999-07-01,Q3
3,1999 FQ4,1999-12-31,1238963.126833553,693520.2867786052,545442,1999-10-01,Q4
4,2000 FQ1,2000-03-31,1496361.3293584622,868027.666338462,628333,2000-01-01,Q1
5,2000 FQ2,2000-06-30,1164836.5950000144,639353.4195312578,525483,2000-04-01,Q2
6,2000 FQ3,2000-09-30,1518448.5590624926,858371.6362499958,660076,2000-07-01,Q3
7,2000 FQ4,2000-12-31,1209833.730530682,689594.064492934,520239,2000-10-01,Q4
8,2001 FQ1,2001-03-31,1437266.198125004,838559.0334375023,598707,2001-01-01,Q1
9,2001 FQ2,2001-06-30,1194165.0337499985,654695.7421874993,539469,2001-04-01,Q2
10,2001 FQ3,2001-09-30,1592452.4241932684,923444.4783869344,669007,2001-07-01,Q3
11,2001 FQ4,2001-12-31,1249502.5408659843,729065.9503919908,520436,2001-10-01,Q4
12,2002 FQ1,2002-03-31,1436503.0151615774,836644.6132259736,599858,2002-01-01,Q1
13,2002 FQ2,2002-06-30,1384509.4170769043,764374.1439999896,620135,2002-04-01,Q2
14,2002 FQ3,2002-09-30,1837988.9993846135,1033130.8615384605,804858,2002-07-01,Q3
15,2002 FQ4,2002-12-31,1512148.90143928,869688.7913975023,642460,2002-10-01,Q4
16,2003 FQ1,2003-03-31,1791588.8394634733,1030512.4540952274,761076,2003-01-01,Q1
17,2003 FQ2,2003-06-30,1582424.7300000135,874198.7193750074,708226,2003-04-01,Q2
18,2003 FQ3,2003-09-30,2087974.650995086,1147090.229202913,940884,2003-07-01,Q3
19,2003 FQ4,2003-12-31,1612536.37525939,841086.9668597013,771449,2003-10-01,Q4
20,2004 FQ1,2004-03-31,1881253.0570312368,997501.620937493,883751,2004-01-01,Q1
21,2004 FQ2,2004-06-30,1687996.6034390654,860263.7936156265,827732,2004-04-01,Q2
22,2004 FQ3,2004-09-30,2149243.7059754045,1110075.8162830872,1039167,2004-07-01,Q3
23,2004 FQ4,2004-12-31,1552586.189358788,813422.5036700028,739163,2004-10-01,Q4
24,2005 FQ1,2005-03-31,2194667.924057153,1139286.992834926,1055380,2005-01-01,Q1
25,2005 FQ2,2005-06-30,1908446.2156430748,974365.0203876912,934081,2005-04-01,Q2
26,2005 FQ3,2005-09-30,2345745.2577600107,1207010.2937538517,1138734,2005-07-01,Q3
27,2005 FQ4,2005-12-31,1807804.0330593751,957981.62435625,849822,2005-10-01,Q4
28,2006 FQ1,2006-03-31,2957926.881278115,1626318.4804749943,1331608,2006-01-01,Q1
29,2006 FQ2,2006-06-30,3055590.949912487,1691397.955799993,1364192,2006-04-01,Q2
30,2006 FQ3,2006-09-30,3757481.2703062496,2066678.4063874998,1690802,2006-07-01,Q3
31,2006 FQ4,2006-12-31,2898491.4732749923,1638782.3231906206,1259709,2006-10-01,Q4
32,2007 FQ1,2007-03-31,3326027.613384382,1769163.6241406286,1556863,2007-01-01,Q1
33,2007 FQ2,2007-06-30,3236688.7500000075,1701958.834375004,1534729,2007-04-01,Q2
34,2007 FQ3,2007-09-30,4042805.6569953472,2078450.239162518,1964355,2007-07-01,Q3
35,2007 FQ4,2007-12-31,3504426.579753835,1872406.4329015326,1632020,2007-10-01,Q4
36,2008 FQ1,2008-03-31,3929031.174414885,1998244.3935501878,1930786,2008-01-01,Q1
37,2008 FQ2,2008-06-30,3938608.716121543,1965398.5580646177,1973210,2008-04-01,Q2
38,2008 FQ3,2008-09-30,4638270.561001075,2365021.512128995,2273249,2008-07-01,Q3
39,2008 FQ4,2008-12-31,3395509.923960006,1820436.5559692339,1575073,2008-10-01,Q4
40,2009 FQ1,2009-03-31,3358855.9684984093,1843004.400254851,1515851,2009-01-01,Q1
41,2009 FQ2,2009-06-30,3348446.8243078184,1842531.5858625034,1505915,2009-04-01,Q2
42,2009 FQ3,2009-09-30,4130176.3231507363,2261014.115963059,1869162,2009-07-01,Q3
43,2009 FQ4,2009-12-31,3631303.9813596536,1953044.6962398137,1678259,2009-10-01,Q4
44,2010 FQ1,2010-03-31,3697451.428888843,1899887.1590475955,1797564,2010-01-01,Q1
45,2010 FQ2,2010-06-30,3712955.4982553762,1896573.086184611,1816382,2010-04-01,Q2
46,2010 FQ3,2010-09-30,4483586.980199558,2362028.0890497672,2121558,2010-07-01,Q3
47,2010 FQ4,2010-12-31,3979007.502841444,2130011.181152585,1848996,2010-10-01,Q4
48,2011 FQ1,2011-03-31,4481225.817554553,2308385.8015267267,2172840,2011-01-01,Q1
49,2011 FQ2,2011-06-30,4410868.5171229765,2242863.2995031322,2168005,2011-04-01,Q2
50,2011 FQ3,2011-09-30,5286978.545771015,2798822.5100742923,2488156,2011-07-01,Q3
51,2011 FQ4,2011-12-31,4366583.73998289,2380670.616646025,1985913,2011-10-01,Q4
52,2012 FQ1,2012-03-31,5012879.774904279,2619177.2464065766,2393702,2012-01-01,Q1
53,2012 FQ2,2012-06-30,4512432.995365536,2335123.130954016,2177309,2012-04-01,Q2
54,2012 FQ3,2012-09-30,5219717.715170407,2745574.019841611,2474143,2012-07-01,Q3
55,2012 FQ4,2012-12-31,4370915.471843811,2291195.228042793,2079720,2012-10-01,Q4
56,2013 FQ1,2013-03-31,4951518.329026018,2468498.8737079855,2483019,2013-01-01,Q1
57,2013 FQ2,2013-06-30,4417260.296921619,2205365.841413129,2211894,2013-04-01,Q2
58,2013 FQ3,2013-09-30,5137496.241822467,2603845.7363812765,2533650,2013-07-01,Q3
59,2013 FQ4,2013-12-31,4736342.757967817,2487294.687785916,2249048,2013-10-01,Q4
60,2014 FQ1,2014-03-31,4768766.090770331,2424122.7628082517,2344643,2014-01-01,Q1
61,2014 FQ2,2014-06-30,4662969.270564924,2368514.0971369483,2294455,2014-04-01,Q2
62,2014 FQ3,2014-09-30,5360304.725226829,2818003.918356142,2542300,2014-07-01,Q3
63,2014 FQ4,2014-12-31,4507877.352079238,2483703.061851968,2024174,2014-10-01,Q4
64,2015 FQ1,2015-03-31,4601081.204814899,2337164.442514352,2263916,2015-01-01,Q1
65,2015 FQ2,2015-06-30,4323356.002699172,2233051.5519444407,2090304,2015-04-01,Q2
66,2015 FQ3,2015-09-30,5289129.307567835,2727936.805542553,2561192,2015-07-01,Q3
67,2015 FQ4,2015-12-31,4563288.625187858,2411413.859530517,2151874,2015-10-01,Q4
68,2016 FQ1,2016-03-31,5029927.183740239,2505040.4562599347,2524886,2016-01-01,Q1
69,2016 FQ2,2016-06-30,4741644.700024651,2400746.9950589207,2340897,2016-04-01,Q2
70,2016 FQ3,2016-09-30,5828613.555926811,3027039.4415307376,2801574,2016-07-01,Q3
71,2016 FQ4,2016-12-31,4849864.955556852,2449720.6764401607,2400144,2016-10-01,Q4
72,2017 FQ1,2017-03-31,5804351.585079624,2924020.699368182,2880330,2017-01-01,Q1
73,2017 FQ2,2017-06-30,5548339.750354383,2767562.0866694255,2780777,2017-04-01,Q2
74,2017 FQ3,2017-09-30,6670120.805856269,3306274.431509519,3363846,2017-07-01,Q3
75,2017 FQ4,2017-12-31,5954041.533524112,2876923.1539555783,3077118,2017-10-01,Q4
76,2018 FQ1,2018-03-31,6816670.7856177725,3333386.4169756696,3483284,2018-01-01,Q1
77,2018 FQ2,2018-06-30,6269074.919828908,2989756.5051987697,3279318,2018-04-01,Q2
78,2018 FQ3,2018-09-30,6830537.153565278,3290241.7175951255,3540295,2018-07-01,Q3
79,2018 FQ4,2018-12-31,5971620.3769358825,2854007.75133129,3117612,2018-10-01,Q4
80,2019 FQ1,2019-03-31,6682080.841945409,3103084.2869615597,3578996,2019-01-01,Q1
81,2019 FQ2,2019-06-30,6190279.968294252,2881081.473716911,3309198,2019-04-01,Q2
82,2019 FQ3,2019-09-30,7128146.228363176,3415060.3849147134,3713085,2019-07-01,Q3
83,2019 FQ4,2019-12-31,6464299.3135355525,3299693.722907836,3164605,2019-10-01,Q4
84,2020 FQ1,2020-03-31,4828860.1509650955,2428207.9234366827,2400652,2020-01-01,Q1
85,2020 FQ2,2020-06-30,3692450.1969892,1796654.6155397927,1895795,2020-04-01,Q2
86,2020 FQ3,2020-09-30,6973458.3558955835,3485559.91933681,3487898,2020-07-01,Q3
87,2020 FQ4,2020-12-31,6511538,3340054,3171484,2020-10-01,Q4
88,2021 FQ1,2021-03-31,6347425.501561942,3058042.126606721,3289383,2021-01-01,Q1
89,2021 FQ2,2021-06-30,6119081.69264561,2948054.7213336937,3171026,2021-04-01,Q2
